<record><leader>00000cas a2200000 a 4500</leader><controlfield tag="001">13049285</controlfield><controlfield tag="008">860122d19041907ksuwr ne      0    0ger d</controlfield><datafield ind1=" " ind2=" " tag="010"><subfield code="a">sn 85032372 </subfield></datafield><datafield ind1=" " ind2=" " tag="040"><subfield code="a">KSH</subfield><subfield code="b">eng</subfield><subfield code="c">KSH</subfield><subfield code="d">NPT</subfield><subfield code="d">OCL</subfield><subfield code="d">OCLCQ</subfield></datafield><datafield ind1="0" ind2=" " tag="041"><subfield code="a">ger</subfield><subfield code="a">eng</subfield></datafield><datafield ind1=" " ind2=" " tag="042"><subfield code="a">msc</subfield></datafield><datafield ind1="0" ind2=" " tag="130"><subfield code="a">Kansas Staats-Zeitung (Kansas City, Kan. : 1904)</subfield></datafield><datafield ind1="1" ind2="0" tag="245"><subfield code="a">Kansas Staats-Zeitung.</subfield></datafield><datafield ind1=" " ind2=" " tag="260"><subfield code="a">Kansas City, Kan. :</subfield><subfield code="b">[F. Gehring],</subfield><subfield code="c">1904-1907.</subfield></datafield><datafield ind1=" " ind2=" " tag="300"><subfield code="a">2 volumes :</subfield><subfield code="b">illustrations ;</subfield><subfield code="c">59 cm</subfield></datafield><datafield ind1=" " ind2=" " tag="310"><subfield code="a">Weekly</subfield></datafield><datafield ind1=" " ind2=" " tag="336"><subfield code="a">text</subfield><subfield code="b">txt</subfield><subfield code="2">rdacontent</subfield></datafield><datafield ind1=" " ind2=" " tag="337"><subfield code="a">unmediated</subfield><subfield code="b">n</subfield><subfield code="2">rdamedia</subfield></datafield><datafield ind1=" " ind2=" " tag="338"><subfield code="a">volume</subfield><subfield code="b">nc</subfield><subfield code="2">rdacarrier</subfield></datafield><datafield ind1="0" ind2=" " tag="362"><subfield code="a">Jahrg. 3, Nr. 19 (16 Dez. 1904)-Jahrg. 5, Nr. 31 (22 Ma&#776;rz 1907).</subfield></datafield><datafield ind1=" " ind2=" " tag="546"><subfield code="a">In German with some articles in English.</subfield></datafield><datafield ind1=" " ind2=" " tag="752"><subfield code="a">United States</subfield><subfield code="b">Kansas</subfield><subfield code="c">Wyandotte</subfield><subfield code="d">Kansas City.</subfield></datafield><datafield ind1="0" ind2="0" tag="780"><subfield code="t">Neue Kansas Staats-Zeitung (Kansas City, Kan. : 1902)</subfield><subfield code="w">(DLC)sn 85032369</subfield></datafield><datafield ind1="0" ind2="0" tag="785"><subfield code="t">Neue Kansas Staats-Zeitung (Kansas City, Kan. : 1907)</subfield><subfield code="w">(DLC)sn 85032373</subfield></datafield></record>